
@article{Flusser06momentinvariants,
    author = {Jan Flusser},
    title = {Moment Invariants in Image Analysis},
    journal = {Trans. on Engineering, Computing and Technology},
    year = {2006},
    number  = 2,
    pages   = {196-201},
    volume  = 11
}

@Book{Flusser09a,
  Title                    = {Moments and Moment Invariants in Pattern Recognition},
  Annote                   = {SIGNATUR = 2009-27341},
  Author                   = {Jan Flusser and Tomas Suk and Barbara Zitova},
  Keywords                 = {PATTERN RECOGNITION},
  Publisher                = {Wiley},
  Year                     = {2009},

  Aquired                  = {2009},
  Place                    = {Favoritenstrasse 9/4th Floor/1863}
}

@misc{UTIAcode,
  author = {Suk},
  title = {MATLAB codes: Affine moment invariants},
  year = {2004},
  howpublished = {http://zoi\_zmije.utia.cas.cz/mi/codes},
}

@article{FLUSSER1993167,
title = "Pattern recognition by affine moment invariants",
journal = "Pattern Recognition",
volume = "26",
number = "1",
pages = "167 - 174",
year = "1993",
note = "",
issn = "0031-3203",
doi = "http://dx.doi.org/10.1016/0031-3203(93)90098-H",
url = "http://www.sciencedirect.com/science/article/pii/003132039390098H",
author = "Jan Flusser and Tom√°s Suk"
}

@inproceedings{SukF04,
  author    = {Tom{\'{a}}s Suk and
               Jan Flusser},
  title     = {Graph Method for Generating Affine Moment Invariants},
  booktitle = {17th International Conference on Pattern Recognition, {ICPR} 2004,
               Cambridge, UK, August 23-26, 2004.},
  pages     = {192--195},
  year      = {2004}
}

@InProceedings{Matas2002BMVC,
   title = "{Robust Wide Baseline Stereo from Maximally Stable Extremal Regions}",
   author = "Matas, J. and Chum, O. and Urban, M. and Pajdla, T.",
   year = "2002",
   pages = "36.1-36.10",
   booktitle = "Proceedings BMVC"
}

@InProceedings{Ranguelova2016AICCSA,
   title = "{A Salient Region Detector for Structured Images}",
   author = "E. Ranguelova",
   year = "2016",
   pages = "1-8",
   booktitle = "Proceedings of IEEE/ACS 13th Int. Conf. of Computer Systems and Applicaitons (AICCSA)"
}


@misc{matchFeaturesDoc,
  author = {Mathworks},
  title = {{matchFeatures} documentation},
  year = {2017},
  howpublished = {https://nl.mathworks.com/help/vision/ref/matchfeatures.html},
}

@Article{Mikolajczyk:2005,
 author = "Mikolajczyk, K. and others",
 title = "A Comparison of Affine Region Detectors",
 journal = "International Journal of Computer Vision",
 volume = "65",
 number = "1-2",
 month = "November",
 year = "2005",
 pages = "43-72"
} 