% datasets url
@misc{
msra_db,
Author = {Visual Computing Group, Microsoft Research},
Title = {MSRA Salient Object Database},
Howpublished= "\url{http://research.microsoft.com/en-us/um/people/jiansun/salientobject/salient_object.htm}",
Note= "[Online; accessed 13 April 2015]"}

@misc{
msra10k_db,
Author = {M.M.Cheng},
Title = {MSRA10K: Pixel accurate salient objec labelling for 10 000 images from MSRA dataset},
Howpublished= "\url{http://mmcheng.net/msra10k/}",
Note= "[Online; accessed 13 April 2015]"}

@misc{
cssd_db,
Author = {Qiong Yan},
Title = {CSSD: Complex Scene Saliency Dataset},
Howpublished= "\url{http://www.cse.cuhk.edu.hk/leojia/projects/hsaliency/dataset.html}",
Note= "[Online; accessed 14 April 2015]"}

@misc{
ecssd_db,
Author = {Qiong Yan},
Title = {ECSSD: Extended Complex Scene Saliency Dataset},
Howpublished= "\url{http://www.cse.cuhk.edu.hk/leojia/projects/hsaliency/dataset.html}",
Note= "[Online; accessed 13 April 2015]"}

@misc{
bsd300/500_db,
Author = {David Martin},
Title = {BSD300/500: The Berkeley Segmentation Dataset and Benchmark},
Howpublished="\url{http://www.eecs.berkeley.edu/Research/Projects/CS/vision/bsds/}",
Note= "[Online; accessed 14 April 2015]"}

@misc{
voc_db,
Author={Mark Everingham},
Title = {BSD300/500: The Berkeley Segmentation Dataset and Benchmark},
Howpublished="\url{http://pascallin.ecs.soton.ac.uk/challenges/VOC/}",
Note= "[Online; accessed 14 April 2015]"}

@misc{
dut-omron_db,
Author={Chuan Yang},
Title = {The DUT-OMRON Image Dataset},
Howpublished="\url{http://202.118.75.4/lu/DUT-OMRON/index.htm}",
Note= "[Online; accessed 14 April 2015]"}

@misc{
pascal-s_db,
Author={Yin Li},
Title = {The PASCAL-S Dataset},
Howpublished="\url{http://cbi.gatech.edu/salobj/}",
Note= "[Online; accessed 14 April 2015]"}

%papers- hard copy

@article{TPAMI.2012.147,
author = { Jian Li and M. D. Levine and  Xiangjing An and  Xin Xu and  Hangen He},
title = {Visual Saliency Based on Scale-Space Analysis in the Frequency Domain},
journal ={IEEE Transactions on Pattern Analysis and Machine Intelligence},
volume = {35},
number = {4},
issn = {0162-8828},
year = {2013},
pages = {996-1010},
doi = {http://doi.ieeecomputersociety.org/10.1109/TPAMI.2012.147},
publisher = {IEEE Computer Society},
address = {Los Alamitos, CA, USA},
}

@inproceedings{yang2013saliency,
  title={Saliency detection via graph-based manifold ranking},
  author={Yang, Chuan and Zhang, Lihe and Lu, Huchuan and Ruan, Xiang and Yang, Ming-Hsuan},
  booktitle={Computer Vision and Pattern Recognition (CVPR), 2013 IEEE Conference on},
  documenturl={http://faculty.ucmerced.edu/mhyang/papers/cvpr13_saliency.pdf},
  pages={3166--3173},
  year={2013},
  organization={IEEE}
}

@article{ChengPAMI2015,
  author = {Ming-Ming Cheng and Niloy J. Mitra and Xiaolei Huang and Philip H. S. Torr and Shi-Min Hu},
  title = {Global Contrast based Salient Region Detection},
  year  = {2015},
  journal= {IEEE TPAMI},
  volume={37}, 
  number={3}, 
  pages={569-582}, 
  doi = {10.1109/TPAMI.2014.2345401}
}

@InProceedings{LCAV-CONF-2009-012,
   affiliation = {EPFL},
   author      = {Achanta, Radhakrishna and Hemami, Sheila and Estrada,
                 Francisco and SÃ¼sstrunk, Sabine},
   booktitle   = {{IEEE} {I}nternational {C}onference on {C}omputer
                 {V}ision and {P}attern {R}ecognition ({CVPR} 2009)},
   documenturl = {http://infoscience.epfl.ch/record/135217/files/1708.pdf},
   pages       = {1597 -- 1604},
   title       = {Frequency-tuned {S}alient {R}egion {D}etection},
   url         = {http://ivrg.epfl.ch/supplementary_material/RK_CVPR09/index.html},
   year        = 2009
}

@InProceedings{YanCVPR2013,
   author      = {Qiong Yan and Li Xu and Jianping Shi and Jiaya Jia},
   booktitle   = {{IEEE} {I}nternational {C}onference on {C}omputer
                 {V}ision and {P}attern {R}ecognition ({CVPR} 2013)},
   documenturl = {http://www.cv-foundation.org/openaccess/content_cvpr_2013/papers/Yan_Hierarchical_Saliency_Detection_2013_CVPR_paper.pdf},
   pages       = {1155 -- 1162},
   title       = {{H}ierarchical {S}aliency {D}etection},
   url         = {http://www.cse.cuhk.edu.hk/leojia/projects/hsaliency/dataset.html#ref_1},
   year        = 2013
}

%papers/software- urls
@misc{
chengPAMIUrl,
Author = {Ming-Ming Cheng et al.},
Title = {Global contrast based salient region detection},
Howpublished= "\url{http://mmcheng.net/zh/salobj}",
Note= "[Online; accessed 13 April 2015]"}

@misc{
achantaCVPR09,
Author = {Radhakrishna Achanta et al.},
Title = {Frequency-tuned Salient Region Detection},
Howpublished= "\url{http://ivrgwww.epfl.ch/supplementary_material/RK_CVPR09/index.html}",
Note= "[Online; accessed 13 April 2015]"}
