
@InProceedings{DonoserB06,
  author = "Donoser, M. and Bischof, H.",
  booktitle = "ICPR (1)",
  pages = "63-66",
  title = "{3D Segmentation by Maximally Stable Volumes (MSVs)}.",
  year = "2006"
}

@InProceedings{Fan08,
  author = 	 "Fan, S. and Ferrie, F.",
  title =        "{Structure guided Salient Region Detector}",
  booktitle =    "Proceedings of British Machine Vision Conference",
  year = 	 "2008",
  pages = 	 "423-432"
}

@InProceedings{Matas2002BMVC,
   title = "{Robust Wide Baseline Stereo from Maximally Stable Extremal Regions}",
   author = "Matas, J. and Chum, O. and Urban, M. and Pajdla, T.",
   year = "2002",
   pages = "36.1-36.10",
   booktitle = "Proceedings BMVC"
}

@InProceedings{Forssen07,
  author = "Forss\'{e}n, Per-Erik",
  title = "{Maximally Stable Color Regions for Recognition and Matching}",
  booktitle = "Computer Vision and Pattern Recognition (CVPR)",
  pages= "1-8",
  year = "2007"
}

@InProceedings{RangMSSR06,
author       = "Ranguelova, E. B. and Pauwels, E. J.",
title        = "{Morphology-Based Stable Salient Regions Detector}",
booktitle    = "Proceedings of International Conference on Image and Vision Computing New Zealand",
pages        = "97 - 102",
year         = "2006"
}

@InProceedings{leafsnap_eccv2012,
author = "Kumar, N. et al.",
title = "{Leafsnap: Computer Vision System for Automatic Plant Species Identification}",
booktitle = "The 12th European Conference on Computer Vision (ECCV)",
month = "October",
year = "2012",
pages = "502-516"
} 

@InProceedings{CorRos2013,
  author = "Cordes, K. and Rosenhahn, B. and Ostermann, J.",
  booktitle = "The 15th International Conference on Computer Analysis of Images and Patterns (CAIP)",
  pages = "327-334",
  title = "{High-Resolution Feature Evaluation Benchmark}",
  year = 2013
}

@InProceedings{Rodriguez2013,
  author = "Foncubierta-Rodr√≠guez et al.",
  booktitle = "SPIE Medical Imaging: Advanced PACS-based Imaging Informatics and Therapeutic Applications",
  title = "Region-based volumetric medical image retrieval",
  year = 2013
}

@inproceedings{EscaleraCVPR07, 
  author = "Escalera, S. and Radeva, P. and Pujol, O.",
  booktitle = "CVPR",
  title = "Complex Salient Regions for Computer Vision Problems",
  year = 2007
}

@InProceedings{PauwelsZB08,
  author    = "Pauwels, E. and de Zeeuw, P. and  Bounantony, D.",
  title     = "Leatherbacks Matching by Automated Image Recognition",
  booktitle = "Advances in Data Mining. Medical Applications, E-Commerce, Marketing,
               and Theoretical Aspects, 8th Industrial Conference, {ICDM} 2008, Leipzig,
               Germany, July 16-18, 2008, Proceedings",
  pages     = "417--425",
  year      = "2008"
}

@InProceedings{label,
  author = 	 " and ",
  title =        "Article Title",
  booktitle =        "Proceedings Title",
  organization = "IEEE",
  year = 	 "2003",
  volume = 	 "II",
  pages = 	 "-"
}

@Article{Mikolajczyk:2005,
 author = "Mikolajczyk, K. et al.",
 title = "A Comparison of Affine Region Detectors",
 journal = "International Journal of Computer Vision",
 volume = "65",
 number = "1-2",
 month = "November",
 year = "2005",
 pages = "43-72"
} 

@Article{Wang14,
author = "Wang,Sh. et al.",
title = "{Enhanced Maximally Stable Extremal Regions with Canny Detector and Application in Image Classification}",
journal = "Journal of Computational Information Systems",
volume = "10",
number = "14",
year = "2014",
pages = "6093-6100"
}

@Article{RangHumpb06,
author       = "Ranguelova, E. B. and Pauwels, E. J.",
title        = "{Saliency Detection and Matching for Photo-Identification of Humpback Whales}",
journal      = "International Journal on Graphics, Vision and Image Processing",
year         = "2006"
}

@Article{Kimmel11,
author = "Kimmel, R. et al.",
title = "{Are MSER Features Really Interesting?}",
journal ="IEEE Transactions on Pattern Analysis and Machine Intelligence",
volume = "33",
number = "11",
year = "2011",
pages = "2316-2320"
}

@Article{Kuehl2013,
author = "Kuehl, H. and Burghardt, T.",
title = "{Animal Biometrics: quantifying and detecting phenotypic appearance}",
journal ="Trends in Ecology \& Evolution",
volume = "28",
year = "2013",
pages = "432-441"
}

@article{FischerDB14,
  author    = "Fischer, P. and Dosovitskiy, A. and Brox, T.",
  title     = "{Descriptor Matching with Convolutional Neural Networks: a Comparison
               to {SIFT}}",
  journal   = "CoRR",
  volume    = "abs/1405.5769",
  year      = "2014",
}


@Article{label,
  author =       "and",
  title =        "Article Title",
  journal = 	 "Journal",
  year = 	 "1920",
  volume = 	 "62",
  pages = 	 "-",
  month = 	 ""
}



@misc{elena_ranguelova_2016_45156,
  author       = "E. Ranguelova",
  title        = "Large Scale Imaging: Data, Software, Results",
  month        = jan,
  year         = 2016,
  doi          = "10.5281/zenodo.45156",
  howpublished = "DOI: http://dx.doi.org/10.5281/zenodo.45156"
}

@misc{whales,
  author        = "Images courtesy to Judy Allen",
  title         = "Allied Whale / College of Atlantic North Atlantic Humpback Whale Catalogue",
  note = "Maine, USA",
  howpublished = "https://www.coa.edu/allied-whale/",
  year  = "2003"
}



@misc{wood,
  author        = "Images courtesy to Frederic Lens",
  title = "Microscopy images wood",
  note         = "Naturalis Biodiversity Center, Leiden, The Netherlands",
  howpublished = "http://www.naturalis.nl/en/"
}