@Article{Dickscheid2011,
author="Dickscheid, Timo
and Schindler, Falko
and F{\"o}rstner, Wolfgang",
title="Coding Images with Local Features",
journal="International Journal of Computer Vision",
year="2011",
volume="94",
number="2",
pages="154--174",
issn="1573-1405",
doi="10.1007/s11263-010-0340-z"
}



@InProceedings{Chen11,
  author = "Chen, H. and others",
  booktitle = "ICIP 11",
  title = "{Robust Text Detection in Natural Images with Edge-enhanced Maximally Stable Extremal Regions}.",
  year = "2011"
}

@article{Martins2016OnTC,
  title={On the completeness of feature-driven maximally stable extremal regions},
  author={Pedro Martins and Paulo D. Carvalho and Carlo Gatta},
  journal={Pattern Recognition Letters},
  year={2016},
  volume={74},
  pages={9-16}
}

@inproceedings{MartinsVisapp12,
  added-at = {2012-05-25T00:00:00.000+0200},
  author = {Martins, P. and Gatta, C. and Carvalho, P.},
  biburl = {http://www.bibsonomy.org/bibtex/2b23cb757a2bb8e5f534b5edae09c082e/dblp},
  booktitle = {VISAPP (1)},
  editor = {Csurka, Gabriela and Braz, José},
  interhash = {194843468658367157a55944835a4795},
  intrahash = {b23cb757a2bb8e5f534b5edae09c082e},
  isbn = {978-989-8565-03-7},
  keywords = {dblp},
  pages = {490-497},
  publisher = {SciTePress},
  timestamp = {2012-05-26T11:33:47.000+0200},
  title = {Feature-driven Maximally Stable Extremal Regions.},
  year = 2012
}

@inproceedings{Martins12,
  author    = {P. Martins and
               P. Carvalho and
               C. Gatta},
  title     = {Stable Salient Shapes},
  booktitle = {2012 International Conference on Digital Image Computing Techniques
               and Applications, {DICTA} 2012, Fremantle, Australia, December 3-5,
               2012},
  pages     = {1--8},
  year      = {2012},
  doi       = {10.1109/DICTA.2012.6411681},
  timestamp = {Tue, 22 Jan 2013 09:29:54 +0100},
  biburl    = {http://dblp.uni-trier.de/rec/bib/conf/dicta/MartinsCG12},
  bibsource = {dblp computer science bibliography, http://dblp.org}
}

@article{AanaesDP12,
  added-at = {2012-02-10T00:00:00.000+0100},
  author = {Aanæs, Henrik and Dahl, Anders Lindbjerg and Pedersen, Kim Steenstrup},
  biburl = {http://www.bibsonomy.org/bibtex/25093a175024325a9fafdc83d44957d35/dblp},
  ee = {http://dx.doi.org/10.1007/s11263-011-0473-8},
  interhash = {f6d85fed98f92cb88727b71ee99b32d5},
  intrahash = {5093a175024325a9fafdc83d44957d35},
  journal = {International Journal of Computer Vision},
  keywords = {dblp},
  number = 1,
  pages = {18-35},
  timestamp = {2012-02-11T11:33:24.000+0100},
  title = {Interesting Interest Points - A Comparative Study of Interest Point Performance on a Unique Data Set.},
  volume = 97,
  year = 2012
}


@inproceedings{DengZMDS07,
  added-at = {2014-07-31T00:00:00.000+0200},
  author = {Deng, Hongli and Zhang, Wei and Mortensen, Eric N. and Dietterich, Thomas G. and Shapiro, Linda G.},
  booktitle = {CVPR},
  ee = {http://doi.ieeecomputersociety.org/10.1109/CVPR.2007.382972},
  interhash = {d3a45c773863163ca06bc3f7e611b458},
  intrahash = {ee89fb5182ae7b55b2ccbd1ce738687a},
  isbn = {1-4244-1179-3},
  keywords = {dblp},
  publisher = {IEEE Computer Society},
  timestamp = {2015-06-19T16:04:09.000+0200},
  title = {Principal Curvature-Based Region Detector for Object Recognition.},
  year = 2007
}


@InProceedings{DonoserB06,
  author = "Donoser, M. and Bischof, H.",
  booktitle = "ICPR (1)",
  pages = "63-66",
  title = "{3D Segmentation by Maximally Stable Volumes (MSVs)}.",
  year = "2006"
}

@InProceedings{Fan08,
  author = 	 "Fan, S. and Ferrie, F.",
  title =        "{Structure guided Salient Region Detector}",
  booktitle =    "Proceedings of British Machine Vision Conference",
  year = 	 "2008",
  pages = 	 "423-432"
}

@InProceedings{Matas2002BMVC,
   title = "{Robust Wide Baseline Stereo from Maximally Stable Extremal Regions}",
   author = "Matas, J. and Chum, O. and Urban, M. and Pajdla, T.",
   year = "2002",
   pages = "36.1-36.10",
   booktitle = "Proceedings BMVC"
}

@InProceedings{Forssen07,
  author = "Forss\'{e}n, Per-Erik",
  title = "{Maximally Stable Color Regions for Recognition and Matching}",
  booktitle = "Computer Vision and Pattern Recognition (CVPR)",
  pages= "1-8",
  year = "2007"
}

@InProceedings{RangMSSR06,
author       = "Ranguelova, E. B. and Pauwels, E. J.",
title        = "{Morphology-Based Stable Salient Regions Detector}",
booktitle    = "Proceedings of International Conference on Image and Vision Computing New Zealand",
pages        = "97 - 102",
year         = "2006"
}

@InProceedings{leafsnap_eccv2012,
author = "Kumar, N. and others",
title = "{Leafsnap: Computer Vision System for Automatic Plant Species Identification}",
booktitle = "The 12th European Conference on Computer Vision (ECCV)",
month = "October",
year = "2012",
pages = "502-516"
} 

@InProceedings{CorRos2013,
  author = "Cordes, K. and Rosenhahn, B. and Ostermann, J.",
  booktitle = "The 15th International Conference on Computer Analysis of Images and Patterns (CAIP)",
  pages = "327-334",
  title = "{High-Resolution Feature Evaluation Benchmark}",
  year = 2013
}

@InProceedings{Rodriguez2013,
  author = "Foncubierta-Rodríguez and others",
  booktitle = "SPIE Medical Imaging: Advanced PACS-based Imaging Informatics and Therapeutic Applications",
  title = "Region-based volumetric medical image retrieval",
  year = 2013
}

@inproceedings{EscaleraCVPR07, 
  author = "Escalera, S. and Radeva, P. and Pujol, O.",
  booktitle = "CVPR",
  title = "Complex Salient Regions for Computer Vision Problems",
  year = 2007
}

@InProceedings{PauwelsZB08,
  author    = "Pauwels, E. and de Zeeuw, P. and  Bounantony, D.",
  title     = "Leatherbacks Matching by Automated Image Recognition",
  booktitle = "Advances in Data Mining. Medical Applications, E-Commerce, Marketing,
               and Theoretical Aspects, 8th Industrial Conference, {ICDM} 2008, Leipzig,
               Germany, July 16-18, 2008, Proceedings",
  pages     = "417--425",
  year      = "2008"
}

@InProceedings{label,
  author = 	 " and ",
  title =        "Article Title",
  booktitle =        "Proceedings Title",
  organization = "IEEE",
  year = 	 "2003",
  volume = 	 "II",
  pages = 	 "-"
}

@Article{Mikolajczyk:2005,
 author = "Mikolajczyk, K. and others",
 title = "A Comparison of Affine Region Detectors",
 journal = "International Journal of Computer Vision",
 volume = "65",
 number = "1-2",
 month = "November",
 year = "2005",
 pages = "43-72"
} 

@Article{Wang14,
author = "Wang, Sh. and others",
title = "{Enhanced Maximally Stable Extremal Regions with Canny Detector and Application in Image Classification}",
journal = "Journal of Computational Information Systems",
volume = "10",
number = "14",
year = "2014",
pages = "6093-6100"
}

@Article{RangHumpb06,
author       = "Ranguelova, E. B. and Pauwels, E. J.",
title        = "{Saliency Detection and Matching for Photo-Identification of Humpback Whales}",
journal      = "International Journal on Graphics, Vision and Image Processing",
year         = "2006"
}

@Article{Kimmel11,
author = "Kimmel, R. and others",
title = "{Are MSER Features Really Interesting?}",
journal ="IEEE Transactions on Pattern Analysis and Machine Intelligence",
volume = "33",
number = "11",
year = "2011",
pages = "2316-2320"
}

@Article{Kuehl2013,
author = "Kuehl, H. and Burghardt, T.",
title = "{Animal Biometrics: quantifying and detecting phenotypic appearance}",
journal ="Trends in Ecology \& Evolution",
volume = "28",
year = "2013",
pages = "432-441"
}

@article{FischerDB14,
  author    = "Fischer, P. and Dosovitskiy, A. and Brox, T.",
  title     = "{Descriptor Matching with Convolutional Neural Networks: a Comparison
               to {SIFT}}",
  journal   = "CoRR",
  volume    = "abs/1405.5769",
  year      = "2014",
}


@Article{label,
  author =       "and",
  title =        "Article Title",
  journal = 	 "Journal",
  year = 	 "1920",
  volume = 	 "62",
  pages = 	 "-",
  month = 	 ""
}

@article{Tuytelaars:2004,
 author = {Tuytelaars, Tinne and Van Gool, Luc},
 title = {Matching Widely Separated Views Based on Affine Invariant Regions},
 journal = {Int. J. Comput. Vision},
 issue_date = {August 2004},
 volume = {59},
 number = {1},
 month = aug,
 year = {2004},
 issn = {0920-5691},
 pages = {61--85},
 numpages = {25},
 acmid = {975723},
 publisher = {Kluwer Academic Publishers},
 address = {Hingham, MA, USA},
 keywords = {correspondence search, epipolar geometry, invariance, local features, matching, semi-local constraints, wide baseline stereo},
} 
@Inbook{Quelhas2011,
author="Quelhas, Pedro
and Nieuwland, Jeroen
and Dewitte, Walter
and Mendon{\c{c}}a, Ana Maria
and Murray, Jim
and Campilho, Aur{\'e}lio",
editor="Kamel, Mohamed
and Campilho, Aur{\'e}lio",
chapter="Arabidopsis Thaliana Automatic Cell File Detection and Cell Length Estimation",
title="Image Analysis and Recognition: 8th International Conference, ICIAR 2011, Burnaby, BC, Canada, June 22-24, 2011. Proceedings, Part II",
year="2011",
publisher="Springer Berlin Heidelberg",
address="Berlin, Heidelberg",
pages="1--11",
isbn="978-3-642-21596-4",
doi="10.1007/978-3-642-21596-4_1"
}

@article{Gasson2011,
   author = "Gasson, Peter",
   title = "How precise can wood identification be? Wood anatomyâ€™s role in support of the legal timber trade, especially cites",
   journal = "IAWA Journal",
   year = "2011",
   volume = "32",
   number = "2",
   pages = "137-154",
   doi = "http://dx.doi.org/10.1163/22941932-90000049"
}

@article{Brunel2014,
   author = "Brunel, Guilhem and others",
   title = "Automatic identification and characterization of radial files in light microscopy images of wood",
   journal = "Annals of Botany",
   year = "2014",
   volume = "114",
   number = "4",
   pages = "829-890",
   doi = "http://doi.org/10.1093/aob/mcu119"
}


@misc{elena_ranguelova_wood,
  author       = "E. Ranguelova",
  title        = "Wood Image Classification- Initial Results. NLeSc report.",
  month        = may,
  year         = 2016,
  howpublished          = "http://knowledge.esciencecenter.nl/books/wood-image-classification/"
}

@Inbook{Kadir2004,
author="Kadir, Timor
and Zisserman, Andrew
and Brady, Michael",
editor="Pajdla, Tom{\'a}s
and Matas, Ji{\v{r}}{\'i}",
chapter="An Affine Invariant Salient Region Detector",
title="Computer Vision - ECCV 2004: 8th European Conference on Computer Vision, Prague, Czech Republic, May 11-14, 2004. Proceedings, Part I",
year="2004",
publisher="Springer Berlin Heidelberg",
address="Berlin, Heidelberg",
pages="228--241",
isbn="978-3-540-24670-1",
doi="10.1007/978-3-540-24670-1_18"
}



@misc{elena_ranguelova_2016_45156,
  author       = "E. Ranguelova",
  title        = "Large Scale Imaging: Data, Software, Results",
  month        = jan,
  year         = 2016,
  doi          = "10.5281/zenodo.45156",
  howpublished = "DOI: http://dx.doi.org/10.5281/zenodo.45156"
}

@misc{whales,
  author        = "Images courtesy to Judy Allen",
  title         = "Allied Whale / College of Atlantic North Atlantic Humpback Whale Catalogue",
  note = "Maine, USA",
  howpublished = "https://www.coa.edu/allied-whale/",
  year  = "2003"
}



@misc{wood,
  author        = "Frederic Lens",
  title = "Microscopy images wood",
  note         = "Naturalis Biodiversity Center, Leiden, The Netherlands",
  howpublished = "http://www.naturalis.nl/en/"
}

@Book           {Soille,
AUTHOR=         {P. Soille},
TITLE=          {{Morphological Image Analysis}},
PUBLISHER=      {Springer},
YEAR=           {2003}
}